2002 4086
68 380 155 458 tna,
180 372 403 466 regionem.
449 369 514 446 nbi
553 368 798 463 fortalitium,
846 368 974 457 Noio-

67 476 259 557 comium,
289 473 464 547 Hortum
500 473 711 564 culinarem
740 488 781 549 et
806 478 987 569 aedificia,

25 628 26 636 κ
66 577 175 649 varia
197 571 391 649 exstrufta
424 573 639 670 senfimqve
671 579 795 671 magis
827 584 970 675 magis·

65 698 147 770 qve
171 677 400 777 amplificata
430 675 601 750 fuerunt.
652 671 721 750 Ex
752 678 860 752 hisce
886 696 968 761 tarn

63 781 199 874 parvis
273 774 389 853 initiis
447 779 617 852 maxima
666 779 729 851 illa
785 780 966 874 Colonia,

62 877 324 975 pulcherrima
350 874 468 962 urbs,
516 881 604 975 pagi
627 879 804 976 populosi
828 893 871 956 et
894 887 965 962 vii·

61 978 114 1053 lae
126 982 306 1076 plurimae
328 978 459 1079 postea
475 980 592 1074 longe
610 981 767 1075 iateqve
784 989 966 1063 extensae

61 1096 351 1168 excreverunt,
374 1082 582 1155 secundnm
605 1082 897 1162 observationes
913 1087 964 1168 D.

60 1182 281 1267 Bannow,
306 1189 408 1258 inter
428 1206 486 1274 gr.
521 1183 815 1282 Latitudin1835
842 1201 885 1264 et
903 1210 961 1290 30,

58 1283 333 1382 Longitudinis
356 1298 394 1372 18
424 1297 465 1358 et
489 1305 549 1376 29.

340 1532 662 1688 aaran.

155 1774 309 1856 Sontini
336 1777 441 1863 heic,
465 1790 510 1855 ut
534 1783 571 1855 in
595 1787 679 1858 tota
707 1776 862 1867 Africa,
885 1777 955 1857 ari·

53 1878 145 1956 dnm
174 1895 216 1954 et
244 1885 281 1955 in
303 1903 449 1974 genere
475 1881 621 1974 sterile,
645 1885 869 1980 arenosum,
898 1907 954 1961 ar·

50 1984 256 2079 gillaceum
281 1995 322 2057 et
347 2005 427 2058 non
448 2003 586 2079 parum
613 1980 845 2060 montosam.

150 2144 270 2214 Onns
285 2156 424 2212 ornnes
435 2134 619 2207 maritimas
632 2139 952 2234 regirarenaprn·

48 2237 186 2326 funda,
213 2241 316 2336 saepe
344 2239 517 2334 mobilis,
544 2259 670 2315 verno
696 2249 876 2334 ternpore
897 2255 951 2313 ex

45 2342 178 2440 pluvia
229 2341 383 2415 hiemali
442 2340 677 2436 pierurnqve
721 2337 949 2428 inundata8‚

46 2441 181 2519 aestate
202 2443 407 2538 erraveras,
438 2450 479 2514 et
512 2442 619 2518 omni
644 2439 729 2515 fere
754 2462 857 2536 aqva
892 2452 951 2515 at-

45 2566 125 2642 qve
154 2544 290 2619 incolis
316 2540 529 2618 destitutas.

85 2749 88 2757 -
146 2695 302 2774 Carano
332 2694 576 2794 appellantur
617 2691 704 2790 loca
731 2687 881 2767 deserta
907 2699 948 2765 et

43 2800 266 2894 argillam,
290 2820 383 2895 qvae
416 2799 625 2872 interiores
648 2799 832 2888 regiones
854 2814 947 2890 pro·

42 2892 248 2988 montorii,
272 2898 398 2975 Zonae
432 2897 568 2983 instar,
609 2896 835 2972 transverse
859 2916 950 2990 per·
993 2935 997 2982 ἰ

41 3012 217 3088 currunt,
232 3000 443 3082 constantia
461 2998 694 3093 argillarum
709 2993 829 3071 ochra
851 2996 945 3070 ferri
991 3016 997 3088 ῃ

39 3102 148 3178 mista
170 3113 212 3178 et
239 3104 317 3178 sale
347 3105 569 3183 muriatico,
597 3097 834 3173 ,sterilissima
858 3119 942 3170 orn·
993 3140 997 3189 2

37 3208 167 3290 nium,
184 3205 458 3303 hiemeparum
470 3202 600 3302 pluvia
615 3203 770 3292 irrigata
785 3197 942 3287 ‚aestate
989 3231 997 3296 a

36 3307 116 3382 sole
139 3307 290 3386 ardenti
315 3303 475 3394 exusta,
505 3303 731 3380 animalibus
767 3312 809 3376 et
834 3301 941 3474 incle-

841 3423 888 3476 co
903 3414 938 3474 18
